@article{RN38,
   author = {宗焕平 and 钱彤},
   title = {中国人生活节奏在加快 %J 首都经济},
   number = {11},
   pages = {36},
   year = {1997},
   type = {Journal Article}
}

@article{RN5,
   author = {郑毅 and 盛定建},
   title = {“休闲+养生”农业的发展现状、途径和展望 %J 农业科技通讯},
   number = {12},
   pages = {20-21},
   ISSN = {1000-6400},
   year = {2018},
   type = {Journal Article}
}

@article{RN39,
   author = {王佑},
   title = {大城市,逃离还是回归 %J 数据},
   number = {11},
   pages = {24-25},
   ISSN = {1006-5954},
   year = {2011},
   type = {Journal Article}
}

@article{RN17,
   author = {刘会杰},
   title = {浅析乡村旅游对乡村经济发展的影响 %J 商场现代化},
   number = {20},
   pages = {174-175},
   ISSN = {1006-3102},
   year = {2018},
   type = {Journal Article}
}

@article{RN28,
   author = {宋皓晨},
   title = {农家乐旅游发展问题研究 %J 时代农机},
   volume = {45},
   number = {09},
   pages = {8},
   ISSN = {2095-980X},
   year = {2018},
   type = {Journal Article}
}

@article{RN23,
   author = {胡天琦 and 周宗凯 and 潘永康},
   title = {贫困山区乡村旅游农家乐食品安全现状分析——以栾川县陶湾镇康养小镇为例 %J 法制与社会},
   number = {29},
   pages = {134-135},
   ISSN = {1009-0592},
   year = {2018},
   type = {Journal Article}
}

@article{RN40,
   author = {侯人华},
   title = {基于用户感知的电商产品质量评价指标体系构建与度量 %J 厦门科技},
   number = {06},
   pages = {49-55},
   ISSN = {1007-1563},
   year = {2018},
   type = {Journal Article}
}

@article{RN31,
   author = {程艳},
   title = {“互联网+”背景下滁州市休闲农业发展策略研究 %J 吉林农业科技学院学报},
   volume = {27},
   number = {03},
   pages = {38-39+85+118},
   ISSN = {1674-7852},
   year = {2018},
   type = {Journal Article}
}

@article{RN41,
   author = {赵凤芝 and 侯柏苓 and 文必龙},
   title = {基于图文法制导的ER图自动绘制技术 %J 计算机系统应用},
   volume = {21},
   number = {12},
   pages = {153-157},
   ISSN = {1003-3254},
   year = {2012},
   type = {Journal Article}
}

@article{RN42,
   author = {孙宏斌},
   title = {基于数据挖掘的体育成绩管理系统的设计与实现 %J 电子设计工程},
   volume = {24},
   number = {05},
   pages = {74-77},
   ISSN = {1674-6236},
   year = {2016},
   type = {Journal Article}
}

@inbook{RN43,
   author = {Codd, E. F.},
   title = {A Relational Model of Data for Large Shared Data Banks},
   booktitle = {Pioneers and Their Contributions to Software Engineering: sd&m Conference on Software Pioneers, Bonn, June 28/29, 2001, Original Historic Contributions},
   editor = {Broy, Manfred and Denert, Ernst},
   publisher = {Springer Berlin Heidelberg},
   address = {Berlin, Heidelberg},
   pages = {61-98},
   ISBN = {978-3-642-48354-7},
   DOI = {10.1007/978-3-642-48354-7_4},
   url = {https://doi.org/10.1007/978-3-642-48354-7_4},
   year = {2001},
   type = {Book Section}
}

@book{RN44,
   author = {Fry, James and H. Sibley, Edgar},
   title = {Evolution of Data-Base Management Systems},
   volume = {8},
   pages = {7-42},
   DOI = {10.1145/356662.356664},
   year = {1976},
   type = {Book}
}

@article{RN45,
   author = {林定殷},
   title = {对动态网页开发技术的分析 %J 信息与电脑(理论版)},
   number = {01},
   pages = {11-12},
   ISSN = {1003-9767},
   year = {2019},
   type = {Journal Article}
}
