@article{RN97,
   author = {张晖，王东辉},
   title = {RFID技术及其应用的研究},
   journal = {微计算机信息},
   number = {11},
   pages = {252-254},
   ISSN = {1008-0570},
   year = {2007},
   type = {Journal Article}
}

@article{RN98,
   author = {余雷},
   title = {基于RFID电子标签的物联网物流管理系统},
   journal = {微计算机信息},
   number = {02},
   pages = {233-235+232},
   ISSN = {1008-0570},
   year = {2006},
   type = {Journal Article}
}

@article{RN99,
   author = {何苏勤，蔡帆},
   title = {基于射频无线通信技术的智能车辆出入管理系统设计},
   journal = {计算机应用研究},
   number = {05},
   pages = {208-210},
   ISSN = {1001-3695},
   year = {2005},
   type = {Journal Article}
}

@article{RN100,
   author = {田涛，苏董杰，赫松龄，贾峻，谢文录},
   title = {基于国密SM7算法的电子标签在防伪中的应用},
   journal = {中国集成电路},
   volume = {20},
   number = {11},
   pages = {70-72},
   ISSN = {1681-5289},
   year = {2011},
   type = {Journal Article}
}

@article{RN101,
   author = {苏董杰},
   title = {基于SM7国密算法非接触逻辑卡对Mifare 1门禁系统的升级方案},
   journal = {中国集成电路},
   volume = {21},
   number = {03},
   pages = {80-83},
   ISSN = {1681-5289},
   year = {2012},
   type = {Journal Article}
}

@inproceedings{RN102,
   author = {Suh, G Edward，Devadas, Srinivas},
   title = {Physical unclonable functions for device authentication and secret key generation},
   booktitle = {2007 44th ACM/IEEE Design Automation Conference},
   publisher = {IEEE},
   pages = {9-14},
   ISBN = {1595936270},
   type = {Conference Proceedings}
}

@article{RN103,
   author = {贺章擎，郑朝霞，戴葵，邹雪城},
   title = {基于PUF的高效低成本RFID认证协议},
   journal = {计算机应用},
   volume = {32},
   number = {03},
   pages = {683-685+698},
   ISSN = {1001-9081},
   year = {2012},
   type = {Journal Article}
}

@article{RN105,
   author = {郭丽敏，刘丹，王立辉，单伟君，李清},
   title = {基于PUF的RFID系统安全密钥协商协议},
   journal = {微电子学与计算机},
   volume = {34},
   number = {07},
   pages = {60-64},
   ISSN = {1000-7180},
   year = {2017},
   type = {Journal Article}
}

