
@misc{CiscoAnnualInternetReport,
title = {Cisco {{Annual Internet Report}} - {{Cisco Annual Internet Report}} (2018\textendash 2023) {{White Paper}} - {{Cisco}}},
file = {E\:\\Documents\\Zotero\\storage\\YPTEW6LW\\white-paper-c11-741490.pdf;E\:\\Documents\\Zotero\\storage\\ZECSNFFG\\white-paper-c11-741490.html},
howpublished = {https://www.cisco.com/c/en/us/solutions/collateral/executive-perspectives/annual-internet-report/white-paper-c11-741490.html}
}

@book{RN90,
   author = {周志华},
   title = {机器学习},
   address = {北京},
   publisher = {清华大学出版社},
   ISBN = {7302423288},
   year = {2016},
   type = {Book}
}

@article{russell2002artificial,
  title={Artificial intelligence: a modern approach},
  author={Russell, Stuart and Norvig, Peter},
  year={2002}
}