@article{RN150,
   author = {Abdelmounaime, Safia and Dong-Chen, He},
   title = {New Brodatz-Based Image Databases for Grayscale Color and Multiband Texture Analysis},
   journal = {ISRN Machine Vision},
   volume = {2013},
   pages = {14},
   DOI = {10.1155/2013/876386},
   url = {http://dx.doi.org/10.1155/2013/876386},
   year = {2013},
   type = {Journal Article}
}

@article{RN151,
   author = {陈春宁 and 王延杰},
   title = {在频域中利用同态滤波增强图像对比度},
   journal = {微计算机信息},
   number = {06},
   pages = {264-266},
   ISSN = {1008-0570},
   year = {2007},
   type = {Journal Article}
}

@article{RN153,
   author = {王建 and 庞彦伟},
   title = {基于CLAHE的X射线行李图像增强},
   journal = {天津大学学报},
   volume = {43},
   number = {03},
   pages = {194-198},
   ISSN = {0493-2137},
   year = {2010},
   type = {Journal Article}
}

@phdthesis{RN154,
   author = {钟仡龙},
   title = {单幅图像去雾处理算法研究及软件实现},
   university = {西南交通大学},
   type = {硕士},
   year = {2012},
   type = {Thesis}
}

@article{RN159,
   author = {徐力平 and 蔡艳艳},
   title = {基于CLAHE的尘肺X线胸片增强技术},
   journal = {计算机应用},
   number = {S1},
   pages = {388-389},
   ISSN = {1001-9081},
   year = {2007},
   type = {Journal Article}
}

@article{RN160,
   author = {袁志伟 and 潘晓露 and 陈艾 and 李一民},
   title = {车辆牌照定位的算法研究},
   journal = {昆明理工大学学报(自然科学版)},
   number = {02},
   pages = {56-60},
   ISSN = {1001-4896},
   year = {2001},
   type = {Journal Article}
}

@article{RN161,
   author = {叶茂亮 and 刘长松 and 丁晓青 and 燕鹏},
   title = {基于笔画分析和形态学的汽车牌照定位算法},
   journal = {电视技术},
   number = {05},
   pages = {85-87},
   ISSN = {1002-8692},
   year = {2005},
   type = {Journal Article}
}
