@article{RN1,
   author = {A.M. Legendre},
   title = {Nouvelles méthodes pour la détermination des orbites des comètes},
   journal = {Sur la Méthode des moindres quarrés},
   year = {1805},
   type = {Journal Article}
}

@book{RN2,
   author = {C.F. Gauss},
   title = {Theoria Motus Corporum Coelestium in Sectionibus Conicis Solem Ambientum.},
   year = {1809},
   type = {book}
}

@article{RN3,
   author = {Francis Galton},
   title = {Typical laws of heredity},
   journal = {Nature},
   volume = {15},
   pages = {492–495, 512–514, 532–533},
   year = {1877},
   type = {Journal Article}
}

@article{RN69,
   author = {Yule, G. Udny},
   title = {On the Theory of Correlation},
   journal = {Journal of the Royal Statistical Society},
   volume = {60},
   number = {4},
   pages = {812-854},
   ISSN = {09528385},
   DOI = {10.2307/2979746},
   url = {http://www.jstor.org/stable/2979746},
   year = {1897},
   type = {Journal Article}
}

@article{RN70,
   author = {PEARSON, KARL},
   title = {THE LAW OF ANCESTRAL HEREDITY*},
   journal = {Biometrika},
   volume = {2},
   number = {2},
   pages = {211-228},
   ISSN = {0006-3444},
   DOI = {10.1093/biomet/2.2.211},
   url = {https://dx.doi.org/10.1093/biomet/2.2.211},
   year = {1903},
   type = {Journal Article}
}

@article{RN71,
   author = {Galton, Francis},
   title = {Kinship and Correlation},
   journal = {Statist. Sci.},
   volume = {4},
   number = {2},
   pages = {81-86},
   ISSN = {0883-4237},
   DOI = {10.1214/ss/1177012581},
   url = {https://projecteuclid.org:443/euclid.ss/1177012581},
   year = {1989},
   type = {Journal Article}
}

@article{RN72,
   author = {Fisher, R. A.},
   title = {The Goodness of Fit of Regression Formulae, and the Distribution of Regression Coefficients},
   journal = {Journal of the Royal Statistical Society},
   volume = {85},
   number = {4},
   pages = {597-612},
   ISSN = {09528385},
   DOI = {10.2307/2341124},
   url = {http://www.jstor.org/stable/2341124},
   year = {1922},
   type = {Journal Article}
}

@article{RN73,
   author = {Smith, A. F. M.},
   title = {A General Bayesian Linear Model},
   journal = {Journal of the Royal Statistical Society},
   volume = {35},
   number = {1},
   pages = {67-75},
   year = {1973},
   type = {Journal Article}
}

@article{RN74,
   author = {Lindley, D. V.，Smith, A. F. M.},
   title = {Bayes Estimates for the Linear Model},
   journal = {Journal of the Royal Statistical Society},
   volume = {34},
   number = {1},
   pages = {1-41},
   year = {1972},
   type = {Journal Article}
}

@article{RN75,
   author = {雷雳，张雷},
   title = {多层线性模型的原理及应用},
   journal = {首都师范大学学报(社会科学版)},
   number = {02},
   pages = {110-114},
   ISSN = {1004-9142},
   year = {2002},
   type = {Journal Article}
}

@book{RN76,
   author = {Raudenbush, Stephen W，Bryk, Anthony S},
   title = {Hierarchical linear models: Applications and data analysis methods},
   publisher = {Sage},
   volume = {1},
   ISBN = {076191904X},
   year = {2002},
   type = {Book}
}

@book{RN77,
   author = {Cohen, Patricia，West, Stephen G，Aiken, Leona S},
   title = {Applied multiple regression/correlation analysis for the behavioral sciences},
   publisher = {Psychology Press},
   ISBN = {1135468257},
   year = {2014},
   type = {Book}
}

@inproceedings{RN79,
   author = {Tikhonov, Andrei Nikolaevich},
   title = {On the solution of ill-posed problems and the method of regularization},
   booktitle = {Doklady Akademii Nauk},
   publisher = {Russian Academy of Sciences},
   volume = {151},
   pages = {501-504},
   ISBN = {0869-5652},
   type = {Conference Proceedings}
}

@phdthesis{RN80,
   author = {郭鹏妮},
   title = {岭回归与分位数回归的研究及结合应用},
   university = {哈尔滨工业大学},
   type = {硕士},
   year = {2014},
   type = {Thesis}
}

@book{RN81,
   author = {Carlin, Bradley P，Louis, Thomas A},
   title = {Bayesian methods for data analysis},
   publisher = {CRC Press},
   ISBN = {1584886986},
   year = {2008},
   type = {Book}
}

@inproceedings{RN82,
   author = {Ng, Andrew Y},
   title = {Feature selection, L 1 vs. L 2 regularization, and rotational invariance},
   booktitle = {Proceedings of the twenty-first international conference on Machine learning},
   publisher = {ACM},
   pages = {78},
   ISBN = {1581138385},
   type = {Conference Proceedings}
}

@book{RN83,
   author = {田茂再},
   title = {高等分层分位回归建模理论},
   publisher = {科学出版社},
   year = {2015},
   type = {Book}
}

@book{RN84,
   author = {Goldstein, Harvey},
   title = {Multilevel statistical models},
   publisher = {John Wiley \& Sons},
   volume = {922},
   ISBN = {111995682X},
   year = {2011},
   type = {Book}
}

@article{RN85,
   author = {Mason, William M，Wong, George Y，Entwisle, Barbara},
   title = {Contextual analysis through the multilevel linear model},
   journal = {Sociological methodology},
   volume = {14},
   pages = {72-103},
   ISSN = {0081-1750},
   year = {1983},
   type = {Journal Article}
}

@article{RN86,
   author = {Longford, Nicholas T},
   title = {Logistic regression with random coefficients},
   journal = {Computational Statistics \& Data Analysis},
   volume = {17},
   number = {1},
   pages = {1-15},
   ISSN = {0167-9473},
   year = {1994},
   type = {Journal Article}
}

@article{RN87,
   author = {Dempster, Arthur P，Rubin, Donald B，Tsutakawa, Robert K},
   title = {Estimation in covariance components models},
   journal = {Journal of the American Statistical Association},
   volume = {76},
   number = {374},
   pages = {341-353},
   ISSN = {0162-1459},
   year = {1981},
   type = {Journal Article}
}

@book{RN90,
   author = {周志华},
   title = {机器学习},
   publisher = {清华大学出版社},
   ISBN = {7302423288},
   year = {2016},
   type = {Book}
}

@article{RN91,
   author = {Nelder, John Ashworth，Wedderburn, Robert WM},
   title = {Generalized linear models},
   journal = {Journal of the Royal Statistical Society: Series A (General)},
   volume = {135},
   number = {3},
   pages = {370-384},
   ISSN = {0035-9238},
   year = {1972},
   type = {Journal Article}
}

@article{RN92,
   author = {梅长林，王宁},
   title = {近代回归分析方法},
   journal = {北 京: 科 学 出 版 社},
   year = {2012},
   type = {Journal Article}
}

@misc{RN94,
  title={近代线性回归分析方法},
  author={胡宏昌，崔恒建，秦永松等},
  year={2012},
  publisher={北京: 科学出版社}
}

@article{RN95,
   author = {Huber, Peter J},
   title = {Robust estimation of a location parameter: Annals Mathematics Statistics, 35},
   year = {1964},
   type = {Journal Article}
}

@article{RN96,
   author = {Fei-Fei, Li，Fergus, Rob，Perona, Pietro},
   title = {Learning generative visual models from few training examples: An incremental bayesian approach tested on 101 object categories},
   journal = {Computer vision and Image understanding},
   volume = {106},
   number = {1},
   pages = {59-70},
   ISSN = {1077-3142},
   year = {2007},
   type = {Journal Article}
}
