@inproceedings{RN79,
   author = {Tikhonov, Andrei Nikolaevich},
   title = {On the solution of ill-posed problems and the method of regularization},
   booktitle = {Doklady Akademii Nauk},
   publisher = {Russian Academy of Sciences},
   volume = {151},
   pages = {501-504},
   ISBN = {0869-5652},
   type = {Conference Proceedings}
}

@book{RN107,
   author = {韩力群},
   title = {人工神经网络教程},
   publisher = {北京邮电大学出版社},
   volume = {12},
   year = {2006},
   type = {Book}
}

@inbook{RN110,
   author = {Hecht-Nielsen, Robert},
   title = {Theory of the backpropagation neural network},
   booktitle = {Neural networks for perception},
   publisher = {Elsevier},
   pages = {65-93},
   year = {1992},
   type = {Book Section}
}

@article{RN112,
   author = {余凯 and 贾磊 and 陈雨强 and 徐伟},
   title = {深度学习的昨天、今天和明天},
   journal = {计算机研究与发展},
   volume = {50},
   number = {09},
   pages = {1799-1804},
   ISSN = {1000-1239},
   year = {2013},
   type = {Journal Article}
}

@article{RN113,
   author = {周飞燕 and 金林鹏 and 董军},
   title = {卷积神经网络研究综述},
   journal = {计算机学报},
   volume = {40},
   number = {06},
   pages = {1229-1251},
   ISSN = {0254-4164},
   year = {2017},
   type = {Journal Article}
}

@book{RN114,
   author = {van Gerven, Marcel and Bohte, Sander},
   title = {Artificial neural networks as models of neural information processing},
   publisher = {Frontiers Media SA},
   ISBN = {2889454010},
   year = {2018},
   type = {Book}
}

@article{RN115,
   author = {Ito, Yoshifusa},
   title = {Representation of functions by superpositions of a step or sigmoid function and their applications to neural network theory},
   journal = {Neural Networks},
   volume = {4},
   number = {3},
   pages = {385-394},
   ISSN = {0893-6080},
   year = {1991},
   type = {Journal Article}
}

@inproceedings{RN116,
   author = {Kalman, Barry L and Kwasny, Stan C},
   title = {Why tanh: choosing a sigmoidal function},
   booktitle = {[Proceedings 1992] IJCNN International Joint Conference on Neural Networks},
   publisher = {IEEE},
   volume = {4},
   pages = {578-581},
   ISBN = {0780305590},
   type = {Conference Proceedings}
}

@article{RN117,
   author = {Yingwei, Lu and Sundararajan, Narashiman and Saratchandran, Paramasivan},
   title = {Performance evaluation of a sequential minimal radial basis function (RBF) neural network learning algorithm},
   journal = {IEEE Transactions on neural networks},
   volume = {9},
   number = {2},
   pages = {308-318},
   ISSN = {1045-9227},
   year = {1998},
   type = {Journal Article}
}

@inproceedings{RN118,
   author = {Nair, Vinod and Hinton, Geoffrey E},
   title = {Rectified linear units improve restricted boltzmann machines},
   booktitle = {Proceedings of the 27th international conference on machine learning (ICML-10)},
   pages = {807-814},
   type = {Conference Proceedings}
}

@inproceedings{RN119,
   author = {Hirasawa, Kotaro and Ohbayashi, Masanao and Koga, Masaru and Harada, Masaaki},
   title = {Forward propagation universal learning network},
   booktitle = {Proceedings of International Conference on Neural Networks (ICNN'96)},
   publisher = {IEEE},
   volume = {1},
   pages = {353-358},
   ISBN = {0780332105},
   type = {Conference Proceedings}
}

@book{RN90,
   author = {周志华},
   title = {机器学习},
   publisher = {清华大学出版社},
   ISBN = {7302423288},
   year = {2016},
   type = {Book}
}

@article{RN120,
   author = {McCulloch, Warren S and Pitts, Walter},
   title = {A logical calculus of the ideas immanent in nervous activity},
   journal = {The bulletin of mathematical biophysics},
   volume = {5},
   number = {4},
   pages = {115-133},
   ISSN = {0007-4985},
   year = {1943},
   type = {Journal Article}
}

@techreport{RN121,
   author = {Rosenblatt, Frank},
   title = {Principles of neurodynamics. perceptrons and the theory of brain mechanisms},
   institution = {CORNELL AERONAUTICAL LAB INC BUFFALO NY},
   year = {1961},
   type = {Report}
}

@article{RN122,
   author = {Cybenko, George},
   title = {Approximation by superpositions of a sigmoidal function},
   journal = {Mathematics of control, signals and systems},
   volume = {2},
   number = {4},
   pages = {303-314},
   ISSN = {0932-4194},
   year = {1989},
   type = {Journal Article}
}

@inproceedings{RN123,
   author = {Hinton, Geoffrey E},
   title = {Learning distributed representations of concepts},
   booktitle = {Proceedings of the eighth annual conference of the cognitive science society},
   publisher = {Amherst, MA},
   volume = {1},
   pages = {12},
   type = {Conference Proceedings}
}

@book{RN124,
   author = {Hebb, Donald O},
   title = {The organization of behavior},
   publisher = {na},
   year = {1961},
   type = {Book}
}

@article{RN125,
   author = {Sutton, Richard S. and Barto, Andrew G.},
   title = {Toward a modern theory of adaptive networks: Expectation and prediction},
   journal = {Psychological Review},
   volume = {88},
   number = {2},
   pages = {135-170},
   ISSN = {1939-1471(Electronic),0033-295X(Print)},
   DOI = {10.1037/0033-295X.88.2.135},
   year = {1981},
   type = {Journal Article}
}

@article{RN126,
   author = {Minsky, Marvin and Papert, Seymour},
   title = {An introduction to computational geometry},
   journal = {Cambridge tiass., HIT},
   year = {1969},
   type = {Journal Article}
}

@article{RN127,
   author = {Rumelhart, David E and Hinton, Geoffrey E and Williams, Ronald J},
   title = {Learning representations by back-propagating errors},
   journal = {Cognitive modeling},
   volume = {5},
   number = {3},
   pages = {1},
   year = {1988},
   type = {Journal Article}
}

@article{RN128,
   author = {Cortes, Corinna and Vapnik, Vladimir},
   title = {Support-vector networks},
   journal = {Machine learning},
   volume = {20},
   number = {3},
   pages = {273-297},
   ISSN = {0885-6125},
   year = {1995},
   type = {Journal Article}
}

@article{RN129,
   author = {Hinton, Geoffrey E and Salakhutdinov, Ruslan R},
   title = {Reducing the dimensionality of data with neural networks},
   journal = {science},
   volume = {313},
   number = {5786},
   pages = {504-507},
   ISSN = {0036-8075},
   year = {2006},
   type = {Journal Article}
}

@phdthesis{RN130,
   author = {李友坤},
   title = {BP神经网络的研究分析及改进应用},
   university = {安徽理工大学},
   type = {硕士},
   year = {2012},
   type = {Thesis}
}

@phdthesis{RN131,
   author = {刘天舒},
   title = {BP神经网络的改进研究及应用},
   university = {东北农业大学},
   type = {硕士},
   year = {2011},
   type = {Thesis}
}

@misc{RN132,
  title={Statistics for high-dimensional data},
  author={Sapatinas, Theofanis},
  year={2012},
  publisher={Taylor \& Francis}
}

@article{RN133,
   author = {Hinton, Geoffrey E and Srivastava, Nitish and Krizhevsky, Alex and Sutskever, Ilya and Salakhutdinov, Ruslan R},
   title = {Improving neural networks by preventing co-adaptation of feature detectors},
   journal = {arXiv preprint arXiv:1207.0580},
   year = {2012},
   type = {Journal Article}
}

@article{JMLR:v15:srivastava14a,
  author  = {Nitish Srivastava and Geoffrey Hinton and Alex Krizhevsky and Ilya Sutskever and Ruslan Salakhutdinov},
  title   = {Dropout: A Simple Way to Prevent Neural Networks from Overfitting},
  journal = {Journal of Machine Learning Research},
  year    = {2014},
  volume  = {15},
  pages   = {1929-1958},
  url     = {http://jmlr.org/papers/v15/srivastava14a.html}
}

@article{RN134,
   author = {Girosi, Federico and Jones, Michael and Poggio, Tomaso},
   title = {Regularization Theory and Neural Networks Architectures},
   journal = {Neural Computation},
   volume = {7},
   number = {2},
   pages = {219-269},
   ISSN = {0899-7667},
   DOI = {10.1162/neco.1995.7.2.219},
   url = {https://doi.org/10.1162/neco.1995.7.2.219},
   year = {1995},
   type = {Journal Article}
}

@article{RN135,
   author = {Tibshirani, Robert},
   title = {Regression shrinkage and selection via the lasso},
   journal = {Journal of the Royal Statistical Society: Series B (Methodological)},
   volume = {58},
   number = {1},
   pages = {267-288},
   ISSN = {0035-9246},
   year = {1996},
   type = {Journal Article}
}

@book{RN136,
   author = {Goodfellow, Ian and Bengio, Yoshua and Courville, Aaron},
   title = {Deep learning},
   publisher = {MIT press},
   ISBN = {0262337371},
   year = {2016},
   type = {Book}
}

@article{RN137,
   author = {LeCun, Yann and Bengio, Yoshua},
   title = {Convolutional networks for images, speech, and time series},
   journal = {The handbook of brain theory and neural networks},
   volume = {3361},
   number = {10},
   pages = {1995},
   year = {1995},
   type = {Journal Article}
}

@article{RN138,
   author = {LeCun, Yann and Bottou, Léon and Bengio, Yoshua and Haffner, Patrick},
   title = {Gradient-based learning applied to document recognition},
   journal = {Proceedings of the IEEE},
   volume = {86},
   number = {11},
   pages = {2278-2324},
   ISSN = {0018-9219},
   year = {1998},
   type = {Journal Article}
}

@article{RN139,
   author = {Pollack, Jordan B},
   title = {Recursive distributed representations},
   journal = {Artificial Intelligence},
   volume = {46},
   number = {1-2},
   pages = {77-105},
   ISSN = {0004-3702},
   year = {1990},
   type = {Journal Article}
}

@article{RN140,
   author = {Graves, Alex and Liwicki, Marcus and Fernández, Santiago and Bertolami, Roman and Bunke, Horst and Schmidhuber, Jürgen},
   title = {A novel connectionist system for unconstrained handwriting recognition},
   journal = {IEEE transactions on pattern analysis and machine intelligence},
   volume = {31},
   number = {5},
   pages = {855-868},
   ISSN = {0162-8828},
   year = {2009},
   type = {Journal Article}
}

@inproceedings{RN141,
   author = {Graves, Alex and Fernández, Santiago and Gomez, Faustino and Schmidhuber, Jürgen},
   title = {Connectionist temporal classification: labelling unsegmented sequence data with recurrent neural networks},
   booktitle = {Proceedings of the 23rd international conference on Machine learning},
   publisher = {ACM},
   pages = {369-376},
   ISBN = {1595933832},
   type = {Conference Proceedings}
}

@inproceedings{RN142,
   author = {He, Kaiming and Zhang, Xiangyu and Ren, Shaoqing and Sun, Jian},
   title = {Deep residual learning for image recognition},
   booktitle = {Proceedings of the IEEE conference on computer vision and pattern recognition},
   pages = {770-778},
   type = {Conference Proceedings}
}

@article{RN143,
   author = {Cho, Kyunghyun and Van Merriënboer, Bart and Gulcehre, Caglar and Bahdanau, Dzmitry and Bougares, Fethi and Schwenk, Holger and Bengio, Yoshua},
   title = {Learning phrase representations using RNN encoder-decoder for statistical machine translation},
   journal = {arXiv preprint arXiv:1406.1078},
   year = {2014},
   type = {Journal Article}
}

@article{RN144,
   author = {Radford, Alec and Metz, Luke and Chintala, Soumith},
   title = {Unsupervised representation learning with deep convolutional generative adversarial networks},
   journal = {arXiv preprint arXiv:1511.06434},
   year = {2015},
   type = {Journal Article}
}

@article{RN145,
   author = {Bahdanau, Dzmitry and Cho, Kyunghyun and Bengio, Yoshua},
   title = {Neural machine translation by jointly learning to align and translate},
   journal = {arXiv preprint arXiv:1409.0473},
   year = {2014},
   type = {Journal Article}
}

@article{RN146,
   author = {Freund, Yoav and Schapire, Robert E},
   title = {A decision-theoretic generalization of on-line learning and an application to boosting},
   journal = {Journal of computer and system sciences},
   volume = {55},
   number = {1},
   pages = {119-139},
   ISSN = {0022-0000},
   year = {1997},
   type = {Journal Article}
}

@article{RN147,
   author = {Zeiler, Matthew D},
   title = {ADADELTA: an adaptive learning rate method},
   journal = {arXiv preprint arXiv:1212.5701},
   year = {2012},
   type = {Journal Article}
}

@article{RN148,
   author = {Tieleman, Tijmen and Hinton, Geoffrey},
   title = {Lecture 6.5-rmsprop: Divide the gradient by a running average of its recent magnitude},
   journal = {COURSERA: Neural networks for machine learning},
   volume = {4},
   number = {2},
   pages = {26-31},
   year = {2012},
   type = {Journal Article}
}

@article{RN149,
   author = {Duchi, John and Hazan, Elad and Singer, Yoram},
   title = {Adaptive subgradient methods for online learning and stochastic optimization},
   journal = {Journal of Machine Learning Research},
   volume = {12},
   number = {Jul},
   pages = {2121-2159},
   year = {2011},
   type = {Journal Article}
}
