@article{RN46,
   author = {赵艳妮 and 郭华磊},
   title = {基于多色彩空间的肤色检测研究 %J 计算机技术与发展},
   volume = {23},
   number = {10},
   pages = {250-252+257},
   ISSN = {1673-629X},
   year = {2013},
   type = {Journal Article}
}

@article{RN47,
   author = {陈默 and 沈丽燕 and 柴惠芳},
   title = {色彩原理在信息数据可视化图表设计中的应用 %J 河南科技},
   number = {23},
   pages = {14-16},
   ISSN = {1003-5168},
   year = {2018},
   type = {Journal Article}
}

@article{RN48,
   author = {张冠男},
   title = {数字媒体专业中常用的色彩基础理论 %J 度假旅游},
   number = {08},
   pages = {152-153},
   ISSN = {1672-7517},
   year = {2018},
   type = {Journal Article}
}

@article{RN49,
   author = {蒋春花},
   title = {浅析CIE 1931和CIE 1976中的sRGB、NTSC色域 %J 电子质量},
   number = {02},
   pages = {54-56},
   ISSN = {1003-0107},
   year = {2018},
   type = {Journal Article}
}

@article{RN50,
   author = {陶欢 and 李存军 and 谢春春 and 周静平 and 淮贺举 and 蒋丽雅 and 李凤涛},
   title = {基于HSV阈值法的无人机影像变色松树识别 %J 南京林业大学学报(自然科学版)},
   pages = {1-10},
   ISSN = {1000-2006},
   type = {Journal Article}
}

@article{RN51,
   author = {Shih, P. C. and Liu, C. J.},
   title = {Comparative assessment of content-based face image retrieval in different color spaces},
   journal = {International Journal of Pattern Recognition and Artificial Intelligence},
   volume = {19},
   number = {7},
   pages = {873-893},
   ISSN = {0218-0014},
   DOI = {10.1142/s0218001405004381},
   url = {<Go to ISI>://WOS:000233686300003},
   year = {2005},
   type = {Journal Article}
}

@article{RN52,
   author = {Vadakkepat, P. and Lim, P. and De Silva, L. C. and Jing, L. and Ling, L. L.},
   title = {Multimodal approach to human-face detection and tracking},
   journal = {Ieee Transactions on Industrial Electronics},
   volume = {55},
   number = {3},
   pages = {1385-1393},
   ISSN = {0278-0046},
   DOI = {10.1109/tie.2007.903993},
   url = {<Go to ISI>://WOS:000253872900040},
   year = {2008},
   type = {Journal Article}
}

@article{RN53,
   author = {林生佑 and 潘瑞芳 and 杜辉 and 石教英},
   title = {数字抠图技术综述 %J 计算机辅助设计与图形学学报},
   number = {04},
   pages = {473-479},
   ISSN = {1003-9775},
   year = {2007},
   type = {Journal Article}
}
