@article{land1971lightness,
  title={Lightness and retinex theory},
  author={Land, Edwin H and McCann, John J},
  journal={Josa},
  volume={61},
  number={1},
  pages={1--11},
  year={1971},
  publisher={Optical Society of America}
}

@inproceedings{rahman1996multiscale,
  title={Multiscale retinex for color rendition and dynamic range compression},
  author={Rahman, Zia-ur and Jobson, Daniel J and Woodell, Glenn A},
  booktitle={Applications of Digital Image Processing XIX},
  volume={2847},
  pages={183--192},
  year={1996},
  organization={International Society for Optics and Photonics}
}

@inproceedings{chen2008fast,
  title={Fast image segmentation based on K-Means clustering with histograms in HSV color space},
  author={Chen, Tse-Wei and Chen, Yi-Ling and Chien, Shao-Yi},
  booktitle={2008 IEEE 10th Workshop on Multimedia Signal Processing},
  pages={322--325},
  year={2008},
  organization={IEEE}
}